@misc{Agafonkin,
author = {Agafonkin, Volodymyr},
booktitle = {2011-05-13},
title = {{Leaflet}},
url = {https://leafletjs.com/}
}
@misc{Sewell,
author = {Sewell, Alice},
booktitle = {23.9.2022},
title = {{Wanderlog}},
url = {https://wanderlog.com/blog/author/alicesewell/},
urldate = {2022-02-13}
}
